% Encoding: UTF-8

@online{facebook-2018,
  author   = {{Facebook}},
  date     = {2018-12-06},
  language = {english},
  title    = {create-react-app repository},
  url      = {https://github.com/facebook/create-react-app/tree/main/packages/react-scripts},
  urldate  = {2021-12-21}
}
@online{facebook-2021,
  author   = {{Facebook}},
  date     = {2021-09-22},
  language = {english},
  title    = {create-react-app/webpack.config.js},
  url      = {https://github.com/facebook/create-react-app/blob/main/packages/react-scripts/config/webpack.config.js},
  urldate  = {2021-12-21}
}

@online{houghton-2019,
  author   = {given-i=P., given=Paulhoughton, family={Houghton }},
  date     = {2019-02-08},
  language = {english},
  title    = {GitHub - paulhoughton/mortgage: Mortgage overpayment calculator},
  url      = {https://github.com/paulhoughton/mortgage},
  urldate  = {2021-12-21}
}

@online{hadwen-2021,
  author   = {given-i=K., given=Karlhadwen, family=Hadwen},
  date     = {2021-09-14},
  language = {english},
  title    = {Karlhadwen/todoist},
  url      = {https://github.com/karlhadwen/todoist},
  urldate  = {2021-12-21}
}

@online{vansteenkiste-2021,
  author   = {given-i=M., family=Vansteenkiste},
  date     = {2021},
  language = {english},
  title    = {MaximVansteenkiste/bar-react},
  url      = {https://github.com/MaximVansteenkiste/bar-react},
  urldate  = {2021-12-21}
}


@Comment{jabref-meta: databaseType:biblatex;}
